@book{mittelbach_latex_2004,
  author      = {Mittelbach, Frank and Goossens, Michel and Braams, Johannes and Carlisle, David and Rowley, Chris},
  title       = {The {\LaTeX} Companion},
  edition     = {2},
  address     = {Reading, MA, USA},
  publisher   = {Addison-Wesley},
  pages       = {107--109},
  year        = {2004}
}

@article{wright_latex3_2009,
  author      = {Wright, Joseph},
  title       = {{\LaTeX}3 programming: External perspective},
  journal     = {TUGboat},
  volume      = {30},
  number      = {1},
  pages       = {107--109},
  year        = {2009},
  urldate     = {2018-07-21},
  url         = {http://tug.org/TUGboat/tb30-1/tb94wright-latex3.pdf},
}

@online{beeton_unicode_2008,
  author      = {Beeton, Barbara and Freytag, Asmus and Sargent III, Murray},
  title       = {Unicode support for mathematics},
  url         = {http://www.unicode.org/reports/tr25/},
  urldate     = {2018-07-21},
  institution = {Unicode, Inc.},
  year        = {2008},
}

@inproceedings{vieth_experiences_2009,
  author      = {Vieth, Ulrik},
  title       = {Experiences typesetting mathematical physics},
  booktitle   = {Proceedings of EuroTeX},
  year        = {2009},
  pages       = {13},
  url         = {http://tug.org/TUGboat/tb30-3/tb96vieth.pdf},
}

@article{cordonnier2018intracerebral,
  title={Intracerebral haemorrhage: current approaches to acute management},
  author={Cordonnier, Charlotte and Demchuk, Andrew and Ziai, Wendy and Anderson, Craig S},
  journal={The Lancet},
  volume={392},
  number={10154},
  pages={1257--1268},
  year={2018},
  publisher={Elsevier}
}

@article{feigin2015atlas,
  title={Atlas of the global burden of stroke (1990-2013): the GBD 2013 study},
  author={Feigin, Valery L and Mensah, George A and Norrving, Bo and Murray, Christopher JL and Roth, Gregory A and GBD 2013 Stroke Panel Experts Group},
  journal={Neuroepidemiology},
  volume={45},
  number={3},
  pages={230--236},
  year={2015},
  publisher={S. Karger AG Basel, Switzerland}
}
@article{soun2021artificial,
  title={Artificial intelligence and acute stroke imaging},
  author={Soun, JE and Chow, DS and Nagamine, M and Takhtawala, RS and Filippi, CG and Yu, W and Chang, PD},
  journal={American Journal of Neuroradiology},
  volume={42},
  number={1},
  pages={2--11},
  year={2021},
  publisher={Am Soc Neuroradiology}
}

@article{wagner2004hematoma,
  title={Hematoma removal, heme, and heme oxygenase following hemorrhagic stroke},
  author={Wagner, Kenneth R and Dwyer, Barney E},
  journal={Annals of the New York Academy of Sciences},
  volume={1012},
  number={1},
  pages={237--251},
  year={2004},
  publisher={Wiley Online Library}
}

@article{zheng2016mechanism,
  title={Mechanism and therapy of brain edema after intracerebral hemorrhage},
  author={Zheng, Haiping and Chen, Chunli and Zhang, Jie and Hu, Zhiping},
  journal={Cerebrovascular diseases},
  volume={42},
  number={3-4},
  pages={155--169},
  year={2016},
  publisher={S. Karger AG Basel, Switzerland}
}

@article{Wang2018AmphibianSR,
  title={Amphibian species richness patterns in karst regions in Southwest China and its environmental associations},
  author={Bo Wang and Yong Huang and Jiatang Li and Qiang Dai and Yue-zhao Wang and Daode Yang},
  journal={Biodiversity Science},
  year={2018},
  volume={26},
  pages={941-950},
  url={https://api.semanticscholar.org/CorpusID:91674549}
}

@inproceedings{kov2018NumericalLA,
  title={Numerical Linear Algebra},
  author={Lenka {\vC}{\'i}{\vz}kov{\'a} and Pavel {\vC}ı́{\vz}ek},
  booktitle={Encyclopedia of Parallel Computing},
  year={2018},
  url={https://api.semanticscholar.org/CorpusID:3016339}
}

@article{Christodoulou2019ASR,
  title={A systematic review shows no performance benefit of machine learning over logistic regression for clinical prediction models.},
  author={Evangelia Christodoulou and Jie Ma and Gary Stephen Collins and Ewout Willem Steyerberg and Jan Yvan Jos Verbakel and B. Van calster},
  journal={Journal of clinical epidemiology},
  year={2019},
  volume={110},
  pages={
          12-22
        },
  url={https://api.semanticscholar.org/CorpusID:73422241}
}

@article{Keith2020RandomF,
  title={Random Forest},
  author={Michael Keith},
  journal={Machine Learning with Regression in Python},
  year={2020},
  url={https://api.semanticscholar.org/CorpusID:19352336}
}

@article{Ogunleye2020XGBoostMF,
  title={XGBoost Model for Chronic Kidney Disease Diagnosis},
  author={Adeola Ogunleye and Qing-Guo Wang},
  journal={IEEE/ACM Transactions on Computational Biology and Bioinformatics},
  year={2020},
  volume={17},
  pages={2131-2140},
  url={https://api.semanticscholar.org/CorpusID:121657119}
}

@inproceedings{Ke2017LightGBMAH,
  title={LightGBM: A Highly Efficient Gradient Boosting Decision Tree},
  author={Guolin Ke and Qi Meng and Thomas Finley and Taifeng Wang and Wei Chen and Weidong Ma and Qiwei Ye and Tie-Yan Liu},
  booktitle={NIPS},
  year={2017},
  url={https://api.semanticscholar.org/CorpusID:3815895}
}

@article{Cervantes2020ACS,
  title={A comprehensive survey on support vector machine classification: Applications, challenges and trends},
  author={Jair Cervantes and Farid Garc{\'i}a and Lisbeth Rodr{\'i}guez-Mazahua and Asdr{\'u}bal L{\'o}pez Chau},
  journal={Neurocomputing},
  year={2020},
  volume={408},
  pages={189-215},
  url={https://api.semanticscholar.org/CorpusID:218950523}
}

@article{yun2019radiomic,
  title={Artificial neural networks (the multilayer perceptron)—a review of applications in the atmospheric sciences},
  author={Gardner, Matt W and Dorling, SR},
  journal={Atmospheric environment},
  volume={32},
  number={14-15},
  pages={2627--2636},
  year={1998},
  publisher={Elsevier}
}

@article{ma2019mri,
  title={Multilayer perceptron: Architecture optimization and training},
  author={Ramchoun, Hassan and Ghanou, Youssef and Ettaouil, Mohamed and Janati Idrissi, Mohammed Amine},
  year={2016},
  publisher={International Journal of Interactive Multimedia and Artificial Intelligence~…}
}

@article{colak2015application,
  title={Upper extremity function in hemiplegia. A cross-validation study of two assessment methods},
  author={Berglund, Karin and Fugl-Meyer, Axel R},
  journal={Journal of Rehabilitation Medicine},
  volume={18},
  number={4},
  pages={155--157},
  year={1986}
}

@article{arslan2016different,
  title={Different medical data mining approaches based prediction of ischemic stroke},
  author={Arslan, Ahmet Kadir and Colak, Cemil and Sarihan, Mehmet Ediz},
  journal={Computer methods and programs in biomedicine},
  volume={130},
  pages={87--92},
  year={2016},
  publisher={Elsevier}
}

@inproceedings{emon2020performance,
  title={The k-means algorithm: A comprehensive survey and performance evaluation},
  author={Ahmed, Mohiuddin and Seraj, Raihan and Islam, Syed Mohammed Shamsul},
  journal={Electronics},
  volume={9},
  number={8},
  pages={1295},
  year={2020},
  publisher={MDPI}
}

@article{zihni2020opening,
  title={Algorithms for hierarchical clustering: an overview},
  author={Murtagh, Fionn and Contreras, Pedro},
  journal={Wiley Interdisciplinary Reviews: Data Mining and Knowledge Discovery},
  volume={2},
  number={1},
  pages={86--97},
  year={2012},
  publisher={Wiley Online Library}
}

@article{guha2003clustering,
  title={BIRCH: an efficient data clustering method for very large databases},
  author={Zhang, Tian and Ramakrishnan, Raghu and Livny, Miron},
  journal={ACM sigmod record},
  volume={25},
  number={2},
  pages={103--114},
  year={1996},
  publisher={ACM New York, NY, USA}
}

@article{razzak2020big,
  title={A tutorial on spectral clustering},
  author={Von Luxburg, Ulrike},
  journal={Statistics and computing},
  volume={17},
  pages={395--416},
  year={2007},
  publisher={Springer}
}

@article{GLM, title={A General Lake Model (GLM 3.0) for linking with high-frequency sensor data from the Global Lake Ecological Observatory Network (GLEON)}, author={Matthew R. Hipsey and Louise C. Bruce and Casper Boon and Brendan Busch and Cayelan C. Carey and David P. Hamilton and Paul C. Hanson and Jordan S. Read and Eduardo de Sousa and Michael Weber and Luke A. Winslow}, journal={Geoscientific Model Development}, year={2019}, url={https://api.semanticscholar.org/CorpusID:196126533} }


@article{ANOVA, title={The anova to mixed model transition}, author={Matthieu P. Boisgontier and Boris Cheval}, journal={Neuroscience \& Biobehavioral Reviews}, year={2016}, volume={68}, pages={1004-1005}, url={https://api.semanticscholar.org/CorpusID:207092842} }

@article{BP, title={Theory of the backpropagation neural network}, author={Robert Hecht-Nielsen}, journal={International 1989 Joint Conference on Neural Networks}, year={1989}, pages={593-605 vol.1}, url={https://api.semanticscholar.org/CorpusID:5691634} }

@INPROCEEDINGS{ACO,
  author={Chen, Huilin and Cai, Xiaoquan and Gu, Fangqing and Xu, Shengbing},
  booktitle={2021 17th International Conference on Computational Intelligence and Security (CIS)}, 
  title={An Improved ACO Algorithm to Vehicle Routing Problem with Time Windows and Uncertainty}, 
  year={2021},
  volume={},
  number={},
  pages={50-54},
  doi={10.1109/CIS54983.2021.00019}}

@article{LSTM, title={Understanding LSTM - a tutorial into Long Short-Term Memory Recurrent Neural Networks}, author={Ralf C. Staudemeyer and Eric Rothstein Morris}, journal={ArXiv}, year={2019}, volume={abs/1909.09586}, url={https://api.semanticscholar.org/CorpusID:202712597} }

@article{Shapiro-Wilk,
  title={Shapiro–Wilk test for skew normal distributions based on data transformations},
  author={Elizabeth Gonz{\'a}lez-Estrada and Waldenia Cosmes},
  journal={Journal of Statistical Computation and Simulation},
  year={2019},
  volume={89},
  pages={3258 - 3272},
  url={https://api.semanticscholar.org/CorpusID:202942313}
}

@article{Kruskal-Wallis-H,
  title={Principles of Kruskal-Wallis test and its empirical analysis},
  author={Zhang Lin-qua},
  journal={Journal of Suzhou University of Science and Technology},
  year={2014},
  url={https://api.semanticscholar.org/CorpusID:63169364}
}



